@inproceedings{NTUSD,
	title={Using polarity scores of words for sentence-level opinion extraction},
	author={Ku, Lun-wei and Lo, Yong-sheng and Chen, Hsin-hsi},
	booktitle={Proceedings of NTCIR-6 workshop meeting},
	pages={316--322},
	year={2007},
	organization={Citeseer}
}

@article{allcott2017social,
	title={Social media and fake news in the 2016 election},
	author={Allcott, Hunt and Gentzkow, Matthew},
	journal={Journal of economic perspectives},
	volume={31},
	number={2},
	pages={211--36},
	year={2017}
}

@inproceedings{MPQA2,
	author    = {Lingjia Deng and
	Janyce Wiebe},
	title     = {{MPQA} 3.0: An Entity/Event-Level Sentiment Corpus},
	booktitle = {{NAACL} {HLT} 2015, The 2015 Conference of the North American Chapter
	of the Association for Computational Linguistics: Human Language Technologies,
	Denver, Colorado, USA, May 31 - June 5, 2015},
	pages     = {1323--1328},
	year      = {2015},
}

@article{MPQA,
	author    = {Janyce Wiebe and
	Theresa Wilson and
	Claire Cardie},
	title     = {Annotating Expressions of Opinions and Emotions in Language},
	journal   = {Language Resources and Evaluation},
	volume    = {39},
	number    = {2-3},
	pages     = {165--210},
	year      = {2005},
}

@article{Tang16,
	author    = {Duyu Tang and
	Furu Wei and
	Bing Qin and
	Nan Yang and
	Ting Liu and
	Ming Zhou},
	title     = {Sentiment Embeddings with Applications to Sentiment Analysis},
	journal   = {{IEEE} Trans. Knowl. Data Eng.},
	volume    = {28},
	number    = {2},
	pages     = {496--509},
	year      = {2016},
}

@inproceedings{Tang14,
	author    = {Duyu Tang and
	Furu Wei and
	Nan Yang and
	Ming Zhou and
	Ting Liu and
	Bing Qin},
	title     = {Learning Sentiment-Specific Word Embedding for Twitter Sentiment Classification},
	booktitle = {Proceedings of the 52nd Annual Meeting of the Association for Computational
	Linguistics, {ACL} 2014, June 22-27, 2014, Baltimore, MD, USA, Volume
	1: Long Papers},
	pages     = {1555--1565},
	year      = {2014},
}

@inproceedings{Socher11,
	author    = {Richard Socher and
	Jeffrey Pennington and
	Eric H. Huang and
	Andrew Y. Ng and
	Christopher D. Manning},
	title     = {Semi-Supervised Recursive Autoencoders for Predicting Sentiment Distributions},
	booktitle = {Proceedings of the 2011 Conference on Empirical Methods in Natural
	Language Processing, {EMNLP} 2011, 27-31 July 2011, John McIntyre
	Conference Centre, Edinburgh, UK, {A} meeting of SIGDAT, a Special
	Interest Group of the {ACL}},
	pages     = {151--161},
	year      = {2011},
}

@inproceedings{GloVe,
	author    = {Jeffrey Pennington and
	Richard Socher and
	Christopher D. Manning},
	title     = {Glove: Global Vectors for Word Representation},
	booktitle = {Proceedings of the 2014 Conference on Empirical Methods in Natural
	Language Processing, {EMNLP} 2014, October 25-29, 2014, Doha, Qatar,
	{A} meeting of SIGDAT, a Special Interest Group of the {ACL}},
	pages     = {1532--1543},
	year      = {2014},
}

@inproceedings{CBOW,
	author    = {Tomas Mikolov and
	Ilya Sutskever and
	Kai Chen and
	Gregory S. Corrado and
	Jeffrey Dean},
	title     = {Distributed Representations of Words and Phrases and their Compositionality},
	booktitle = {Advances in Neural Information Processing Systems 26: 27th Annual
	Conference on Neural Information Processing Systems 2013. Proceedings
	of a meeting held December 5-8, 2013, Lake Tahoe, Nevada, United States.},
	pages     = {3111--3119},
	year      = {2013},
}

@article{bengio,
	author    = {Yoshua Bengio and
	R{\'{e}}jean Ducharme and
	Pascal Vincent and
	Christian Janvin},
	title     = {A Neural Probabilistic Language Model},
	journal   = {Journal of Machine Learning Research},
	volume    = {3},
	pages     = {1137--1155},
	year      = {2003},
}

@inproceedings{wordnet,
	author    = {Jaap Kamps and
	Maarten Marx and
	Robert J. Mokken and
	Maarten de Rijke},
	title     = {Using WordNet to Measure Semantic Orientations of Adjectives},
	booktitle = {Proceedings of the Fourth International Conference on Language Resources
	and Evaluation, {LREC} 2004, May 26-28, 2004, Lisbon, Portugal},
	year      = {2004}
}

@inproceedings{nlpcc14,
	author    = {Chengxin Li and
	Huimin Wu and
	Qin Jin},
	title     = {Emotion Classification of Chinese Microblog Text via Fusion of BoW
	and eVector Feature Representations},
	booktitle = {Natural Language Processing and Chinese Computing - Third {CCF} Conference,
	{NLPCC} 2014, Shenzhen, China, December 5-9, 2014. Proceedings},
	pages     = {217--228},
	year      = {2014},
}

@article{shearer2017news,
	title={News use across social media platforms 2017},
	author={Shearer, Elisa and Gottfried, Jeffrey},
	journal={Pew Research Center, Journalism and Media},
	year={2017}
}


@inproceedings{jin2014news,
	title={News credibility evaluation on microblog with a hierarchical propagation model},
	author={Jin, Zhiwei and Cao, Juan and Jiang, Yu-Gang and Zhang, Yongdong},
	booktitle={Data Mining (ICDM), 2014 IEEE International Conference on},
	pages={230--239},
	year={2014},
	organization={IEEE}
}

@article{allport1947psychology,
	title={The psychology of rumor.},
	author={Allport, Gordon W and Postman, Leo},
	year={1947},
	publisher={Henry Holt}
}

@article{hochreiter1997long,
	title={Long short-term memory},
	author={Hochreiter, Sepp and Schmidhuber, J{\"u}rgen},
	journal={Neural computation},
	volume={9},
	number={8},
	pages={1735--1780},
	year={1997},
	publisher={MIT Press}
}

@inproceedings{guo2018rumor,
	title={Rumor Detection with Hierarchical Social Attention Network},
	author={Guo, Han and Cao, Juan and Zhang, Yazi and Guo, Junbo and Li, Jintao},
	booktitle={Proceedings of the 27th ACM International Conference on Information and Knowledge Management},
	pages={943--951},
	year={2018},
	organization={ACM}
}

@inproceedings{castillo2011information,
	title={Information credibility on twitter},
	author={Castillo, Carlos and Mendoza, Marcelo and Poblete, Barbara},
	booktitle={Proceedings of the 20th international conference on World wide web},
	pages={675--684},
	year={2011},
	organization={ACM}
}

@inproceedings{jin2016news,
	title={News Verification by Exploiting Conflicting Social Viewpoints in Microblogs.},
	author={Jin, Zhiwei and Cao, Juan and Zhang, Yongdong and Luo, Jiebo},
	booktitle={AAAI},
	pages={2972--2978},
	year={2016}
}

@inproceedings{ma2016detecting,
	title={Detecting Rumors from Microblogs with Recurrent Neural Networks.},
	author={Ma, Jing and Gao, Wei and Mitra, Prasenjit and Kwon, Sejeong and Jansen, Bernard J and Wong, Kam-Fai and Cha, Meeyoung},
	booktitle={IJCAI},
	pages={3818--3824},
	year={2016}
}

@inproceedings{chen2018call,
	title={Call attention to rumors: Deep attention based recurrent neural networks for early rumor detection},
	author={Chen, Tong and Li, Xue and Yin, Hongzhi and Zhang, Jun},
	booktitle={Pacific-Asia Conference on Knowledge Discovery and Data Mining},
	pages={40--52},
	year={2018},
	organization={Springer}
}

@inproceedings{ma2018detect,
	title={Detect rumor and stance jointly by neural multi-task learning},
	author={Ma, Jing and Gao, Wei and Wong, Kam-Fai},
	booktitle={Companion of the The Web Conference 2018 on The Web Conference 2018},
	pages={585--593},
	year={2018},
	organization={International World Wide Web Conferences Steering Committee}
}

@article{ferrara2015quantifying,
	title={Quantifying the effect of sentiment on information diffusion in social media},
	author={Ferrara, Emilio and Yang, Zeyao},
	journal={PeerJ Computer Science},
	volume={1},
	pages={e26},
	year={2015},
	publisher={PeerJ Inc.}
}

@inproceedings{yang2012automatic,
	title={Automatic detection of rumor on Sina Weibo},
	author={Yang, Fan and Liu, Yang and Yu, Xiaohui and Yang, Min},
	booktitle={Proceedings of the ACM SIGKDD Workshop on Mining Data Semantics},
	pages={13},
	year={2012},
	organization={ACM}
}

@article{jin2017novel,
	title={Novel visual and statistical image features for microblogs news verification},
	author={Jin, Zhiwei and Cao, Juan and Zhang, Yongdong and Zhou, Jianshe and Tian, Qi},
	journal={IEEE transactions on multimedia},
	volume={19},
	number={3},
	pages={598--608},
	year={2017},
	publisher={IEEE}
}

@inproceedings{zhao2015enquiring,
	title={Enquiring minds: Early detection of rumors in social media from enquiry posts},
	author={Zhao, Zhe and Resnick, Paul and Mei, Qiaozhu},
	booktitle={Proceedings of the 24th International Conference on World Wide Web},
	pages={1395--1405},
	year={2015},
	organization={International World Wide Web Conferences Steering Committee}
}

@inproceedings{gupta2012evaluating,
	title={Evaluating event credibility on twitter},
	author={Gupta, Manish and Zhao, Peixiang and Han, Jiawei},
	booktitle={Proceedings of the 2012 SIAM International Conference on Data Mining},
	pages={153--164},
	year={2012},
	organization={SIAM}
}

@inproceedings{jin2017multimodal,
	title={Multimodal fusion with recurrent neural networks for rumor detection on microblogs},
	author={Jin, Zhiwei and Cao, Juan and Guo, Han and Zhang, Yongdong and Luo, Jiebo},
	booktitle={Proceedings of the 25th ACM international conference on Multimedia},
	pages={795--816},
	year={2017},
	organization={ACM}
}

@inproceedings{kwon2013prominent,
	title={Prominent features of rumor propagation in online social media},
	author={Kwon, Sejeong and Cha, Meeyoung and Jung, Kyomin and Chen, Wei and Wang, Yajun},
	booktitle={2013 IEEE 13th International Conference on Data Mining},
	pages={1103--1108},
	year={2013},
	organization={IEEE}
}

@article{stieglitz2013emotions,
	title={Emotions and information diffusion in social mediaâ€”sentiment of microblogs and sharing behavior},
	author={Stieglitz, Stefan and Dang-Xuan, Linh},
	journal={Journal of management information systems},
	volume={29},
	number={4},
	pages={217--248},
	year={2013},
	publisher={Taylor \& Francis}
}

@inproceedings{SemEval2018Task1,
	author = {Mohammad, Saif M. and Bravo-Marquez, Felipe and Salameh, Mohammad and Kiritchenko, Svetlana},
	title = {SemEval-2018 {T}ask 1: {A}ffect in Tweets},
	booktitle = {Proceedings of International Workshop on Semantic Evaluation (SemEval-2018)},
	address = {New Orleans, LA, USA},
	year = {2018}}

@inproceedings{agrawal2018learning,
	title={Learning Emotion-enriched Word Representations},
	author={Agrawal, Ameeta and An, Aijun and Papagelis, Manos},
	booktitle={Proceedings of the 27th International Conference on Computational Linguistics},
	pages={950--961},
	year={2018}
}


@article{bahdanau2014neural,
	title={Neural machine translation by jointly learning to align and translate},
	author={Bahdanau, Dzmitry and Cho, Kyunghyun and Bengio, Yoshua},
	journal={arXiv preprint arXiv:1409.0473},
	year={2014}
}

@inproceedings{mikolov2013distributed,
	title={Distributed representations of words and phrases and their compositionality},
	author={Mikolov, Tomas and Sutskever, Ilya and Chen, Kai and Corrado, Greg S and Dean, Jeff},
	booktitle={Advances in neural information processing systems},
	pages={3111--3119},
	year={2013}
}

@inproceedings{zhou2015real,
	title={Real-Time News Cer tification System on Sina Weibo},
	author={Zhou, Xing and Cao, Juan and Jin, Zhiwei and Xie, Fei and Su, Yu and Chu, Dafeng and Cao, Xuehui and Zhang, Junqiang},
	booktitle={Proceedings of the 24th International Conference on World Wide Web},
	pages={983--988},
	year={2015},
	organization={ACM}
}

@article{kingma2014adam,
	title={Adam: A method for stochastic optimization},
	author={Kingma, Diederik P and Ba, Jimmy},
	journal={arXiv preprint arXiv:1412.6980},
	year={2014}
}

@inproceedings{rubin2016fake,
	title={Fake news or truth? using satirical cues to detect potentially misleading news},
	author={Rubin, Victoria and Conroy, Niall and Chen, Yimin and Cornwell, Sarah},
	booktitle={Proceedings of the Second Workshop on Computational Approaches to Deception Detection},
	pages={7--17},
	year={2016}
}

@inproceedings{rubin2015deception,
	title={Deception detection for news: three types of fakes},
	author={Rubin, Victoria L and Chen, Yimin and Conroy, Niall J},
	booktitle={Proceedings of the 78th ASIS\&T Annual Meeting: Information Science with Impact: Research in and for the Community},
	pages={83},
	year={2015},
	organization={American Society for Information Science}
}
@article{shu2017fake,
	title={Fake news detection on social media: A data mining perspective},
	author={Shu, Kai and Sliva, Amy and Wang, Suhang and Tang, Jiliang and Liu, Huan},
	journal={ACM SIGKDD Explorations Newsletter},
	volume={19},
	number={1},
	pages={22--36},
	year={2017},
	publisher={ACM}
}

@article{bruni2014multimodal,
	title={Multimodal distributional semantics},
	author={Bruni, Elia and Tran, Nam-Khanh and Baroni, Marco},
	journal={Journal of Artificial Intelligence Research},
	volume={49},
	pages={1--47},
	year={2014}
}

@article{silberer2017visually,
	title={Visually grounded meaning representations},
	author={Silberer, Carina and Ferrari, Vittorio and Lapata, Mirella},
	journal={IEEE transactions on pattern analysis and machine intelligence},
	volume={39},
	number={11},
	pages={2284--2297},
	year={2017},
	publisher={IEEE}
}

@inproceedings{wang2018learning,
	title={Learning multimodal word representation via dynamic fusion methods},
	author={Wang, Shaonan and Zhang, Jiajun and Zong, Chengqing},
	booktitle={Thirty-Second AAAI Conference on Artificial Intelligence},
	year={2018}
}

@techreport{page1999pagerank,
	title={The PageRank citation ranking: Bringing order to the web.},
	author={Page, Lawrence and Brin, Sergey and Motwani, Rajeev and Winograd, Terry},
	year={1999},
	institution={Stanford InfoLab}
}

@inproceedings{hu2013unsupervised,
	title={Unsupervised sentiment analysis with emotional signals},
	author={Hu, Xia and Tang, Jiliang and Gao, Huiji and Liu, Huan},
	booktitle={Proc. of the 22nd WWW},
	pages={607--618},
	year={2013},
	organization={International World Wide Web Conferences Steering Committee}
}

@misc{proceedings,
	author = {{IJCAI Proceedings}},
	title = {{IJCAI} Camera Ready Submission},
	howpublished = {\url{https://proceedings.ijcai.org/info}},
}


@inproceedings{hutto2014vader,
	title={Vader: A parsimonious rule-based model for sentiment analysis of social media text},
	author={Hutto, Clayton J and Gilbert, Eric},
	booktitle={Eighth international AAAI conference on weblogs and social media},
	year={2014}
}

@article{tacchini2017some,
	title={Some like it hoax: Automated fake news detection in social networks},
	author={Tacchini, Eugenio and Ballarin, Gabriele and Della Vedova, Marco L and Moret, Stefano and de Alfaro, Luca},
	journal={arXiv preprint arXiv:1704.07506},
	year={2017}
}

@inproceedings{ruchansky2017csi,
	title={Csi: A hybrid deep model for fake news detection},
	author={Ruchansky, Natali and Seo, Sungyong and Liu, Yan},
	booktitle={Proceedings of the 2017 ACM on Conference on Information and Knowledge Management},
	pages={797--806},
	year={2017},
	organization={ACM}
}

@article{rosnow1991inside,
	title={Inside rumor: A personal journey.},
	author={Rosnow, Ralph L},
	journal={American Psychologist},
	volume={46},
	number={5},
	pages={484},
	year={1991},
	publisher={American Psychological Association}
}

@article{frijda2010impulsive,
	title={Impulsive action and motivation},
	author={Frijda, Nico H},
	journal={Biological psychology},
	volume={84},
	number={3},
	pages={570--579},
	year={2010},
	publisher={Elsevier}
}

@book{lazarus1984stress,
	title={Stress, appraisal, and coping},
	author={Lazarus, Richard S and Folkman, Susan},
	year={1984},
	publisher={Springer publishing company}
}